@BOOK{Xie2015,
  title     = "Dynamic Documents with {R} and knitr, Second Edition",
  author    = "Xie, Yihui",
  publisher = "Chapman \& Hall/CRC",
  series    = "Chapman \& Hall/CRC The R Series",
  edition   =  2,
  month     =  jun,
  year      =  2015,
  address   = "Philadelphia, PA"
}

@book{Wasserman2004,
  doi = {10.1007/978-0-387-21736-9},
  url = {https://doi.org/10.1007/978-0-387-21736-9},
  year = {2004},
  publisher = {Springer New York},
  author = {Larry Wasserman},
  title = {All of Statistics}
}