@BOOK{Xie2015,
  title     = "Dynamic Documents with {R} and knitr, Second Edition",
  author    = "Xie, Yihui",
  publisher = "Chapman \& Hall/CRC",
  series    = "Chapman \& Hall/CRC The R Series",
  edition   =  2,
  month     =  jun,
  year      =  2015,
  address   = "Philadelphia, PA"
}
